
@misc{gentzkowshapiromanual,
    author={Gentzkow, Matthew and Shapiro, Jesse M.},
    howpublished="\url{https://github.com/gslab-econ/ra-manual}",
    year="RA Manual",
}

@misc{gentzkowshapiro2014,
    title={Code and Data for the Social Sciences: A Practitioner's Guide},
    author={Gentzkow, Matthew and Shapiro, Jesse M.},
    howpublished="\url{https://web.stanford.edu/~gentzkow/research/CodeAndData.xhtml}",
    year=2014,
}
